<?xml version="1.0" encoding="utf-8"?>
<record xmlns="http://www.loc.gov/MARC21/slim" xmlns:xsi="http://www.w3.org/2001/XMLSchema-instance" xsi:schemaLocation="http://www.loc.gov/MARC21/slim http://www.loc.gov/standards/marcxml/schema/MARC21slim.xsd">
	<leader>     nam a22     Mi 4500</leader>
	<controlfield tag="001">a35967</controlfield>
	<controlfield tag="003">aeadna</controlfield>
	<controlfield tag="006">m        d        </controlfield>
	<controlfield tag="007">cr cn |||m|||a</controlfield>
	<controlfield tag="008">220524s1939    ua    oeo |  a000 0aara|u</controlfield>
	<datafield ind1=" " ind2=" " tag="040">
		<subfield code="a">ZYU</subfield>
		<subfield code="b">ara</subfield>
		<subfield code="c">ZYU</subfield>
	</datafield>
	<datafield ind1="0" ind2=" " tag="041">
		<subfield code="a">ara</subfield>
	</datafield>
	<datafield ind1=" " ind2=" " tag="043">
		<subfield code="a">aw-----</subfield>
	</datafield>
	<datafield ind1=" " ind2="4" tag="050">
		<subfield code="a">DS49</subfield>
		<subfield code="b">.A98 1939</subfield>
	</datafield>
	<datafield ind1=" " ind2=" " tag="082">
		<subfield code="a">910.4</subfield>
		<subfield code="b">21</subfield>
	</datafield>
	<datafield ind1="1" ind2=" " tag="100">
		<subfield code="a">عزام، عبد الوهاب،</subfield>
		<subfield code="d">1894-1959</subfield>
	</datafield>
	<datafield ind1="1" ind2="0" tag="245">
		<subfield code="a">رحلات</subfield>
		<subfield code="h">[electronic resource] /</subfield>
		<subfield code="c">عبدالوهاب عزام</subfield>
	</datafield>
	<datafield ind1="3" ind2=" " tag="260">
		<subfield code="a">[القاهرة:</subfield>
		<subfield code="b">مطبعة الرسالة]،</subfield>
		<subfield code="c">1939م.</subfield>
	</datafield>
	<datafield ind1=" " ind2=" " tag="300">
		<subfield code="a">online resource (368 ص.:) :</subfield>
		<subfield code="b">صور؛</subfield>
	</datafield>
	<datafield ind1=" " ind2=" " tag="500">
		<subfield code="a">نبذة من سيرة المؤلف: ولد عبد الوهاب عزام في 28 أغسطس عام 1894م بقرية تابعة لمركز العياط تسمى قرية الشوبك الغربي بمصر، لأسرة لها باع طويل ودور كبير في الفكر والسياسة ومقاومة الاحتلال الأنجليزي، فوالده الشيخ محمد حسن بك عزام كان يشغل منصب عضو مجلس شورى القوانين ثم الجمعية التشريعية، وأنتخب بعدها في أول مجلس نيابي بعد دستور 1923م.حصل عبد الوهاب عزام على درجة الليسانس في الآداب والفلسفة من الجامعة المصرية، اختير عبد الوهاب عزام بعد تخرجه ليكون إمامًا في السفارة المصرية بلندن، وهناك اطلع على ما يكتبه المستشرقون عن الإسلام و العالم الإسلامي ، وقرر أن يدرس اللغات الشرقية الإسلامية فالتحق بمدرسة اللغات الشرقية بلندن وحصل منها على درجة الماجستير في الأدب الفارسي في العام 1927م وكان موضوعها التصوف وفريد الدين العطار. عاد بعد ذلك إلى القاهرة ليعين مدرسًا بكلية الآداب جامعة القاهرة، وفي هذه الأثناء سجل رسالته للدكتوراه عن شاهنامه الفردوسي في الأدب الفارسي وحصل عليها في العام 1932م، ليترقى بعدها مدرسًا للغات الشرقية لكلية الآداب، ثم أستاذًا عام 1939م، ثم رئيسًا لقسم اللغة العربية واللغات الشرقية، ثم عميدًا لكلية الآداب في العام 1945م.  وفي العام 1947م بدأ عبد الوهاب عزام رحلته في السلك الدبلوماسي حيث عين سفير مصر في المملكة العربية السعودية، ثم سفيرًا في باكستان عام 1950م، ثم سفيرًا مرة أخرى في السعودية واليمن حتى عام 1954م، ومد له الرئيس جمال عبد الناصر فترة خدمته عامين ليتقاعد في العام 1956م.  بعدها رشحته المملكة العربية السعودية ليؤسس جامعة الملك سعود(جامعة الرياض سابقًا) ليظل يعمل بها مديرًا للجامعة حتى توفي في 18 يناير عام 1959م ودفن في مسجد عزام بحلوان.   وجدير بالذكر انه وخلال حياته العملية كأستاذ بالجامعة انتدب عبد الوهاب عزام مرتين للتدريس بجامعة بغداد، كما اختير عضوًا بمجمع اللغة العربية بالقاهرة عام 1949م، واختير أيضًا بالمجمع العلمي العربى بدمشق وبغداد وإيران، و حصل على النيشان العلمي من حكومة إيران عام 1935م، ووسام الأرز الوطني من الحكومة اللبنانية عام 1947م.</subfield>
	</datafield>
	<datafield ind1=" " ind2=" " tag="500">
		<subfield code="a">حالة الكتاب المادية جيدة.</subfield>
	</datafield>
	<datafield ind1=" " ind2=" " tag="500">
		<subfield code="a">Part of the Arabic Collections Online (ACO) project, contributed by United Arab Emirates National Archives.</subfield>
	</datafield>
	<datafield ind1=" " ind2=" " tag="533">
		<subfield code="a">Electronic reproduction.</subfield>
		<subfield code="b">New York, N.Y. :</subfield>
		<subfield code="c">New York University,</subfield>
		<subfield code="d">2022.</subfield>
		<subfield code="5">NNU</subfield>
	</datafield>
	<datafield ind1=" " ind2=" " tag="651">
		<subfield code="a">العالم الإسلامي</subfield>
		<subfield code="x">وصف ورحلات</subfield>
	</datafield>
	<datafield ind1=" " ind2="4" tag="651">
		<subfield code="a">بلاد الشام</subfield>
		<subfield code="x">وصف ورحلات</subfield>
	</datafield>
	<datafield ind1=" " ind2="4" tag="651">
		<subfield code="a">إيران</subfield>
		<subfield code="x">وصف ورحلات</subfield>
	</datafield>
	<datafield ind1=" " ind2="4" tag="651">
		<subfield code="a">العراق</subfield>
		<subfield code="x">وصف ورحلات</subfield>
	</datafield>
	<datafield ind1=" " ind2="4" tag="651">
		<subfield code="a">تركيا</subfield>
		<subfield code="x">وصف ورحلات</subfield>
	</datafield>
	<datafield ind1="2" ind2=" " tag="710">
		<subfield code="a">Abu Dhabi (United Arab Emirates).</subfield>
		<subfield code="b">National Archives.</subfield>
	</datafield>
	<datafield ind1="0" ind2=" " tag="730">
		<subfield code="a">Arabic Collections Online.</subfield>
	</datafield>
	<datafield ind1="0" ind2="8" tag="776">
		<subfield code="i">Print version:</subfield>
		<subfield code="a">عزام، عبد الوهاب، 1894-1959</subfield>
		<subfield code="t">رحلات</subfield>
		<subfield code="w">(aeadna)a35967</subfield>
	</datafield>
	<datafield ind1="4" ind2="0" tag="856">
		<subfield code="u">http://hdl.handle.net/2333.1/66t1gcf2</subfield>
	</datafield>
	<datafield ind1=" " ind2=" " tag="959">
		<subfield code="a">NNU</subfield>
		<subfield code="b">WEB</subfield>
		<subfield code="c">GENI</subfield>
		<subfield code="t">0</subfield>
		<subfield code="m">Electronic access</subfield>
		<subfield code="s">01</subfield>
	</datafield>
	<datafield ind1=" " ind2=" " tag="999">
		<subfield code="a">DS49 .A98 1939</subfield>
		<subfield code="w">LC</subfield>
		<subfield code="c">1</subfield>
		<subfield code="i">30018000060427</subfield>
		<subfield code="d">20/5/2021</subfield>
		<subfield code="e">20/5/2021</subfield>
		<subfield code="l">AV</subfield>
		<subfield code="m">MAIN</subfield>
		<subfield code="n">1</subfield>
		<subfield code="r">Y</subfield>
		<subfield code="s">Y</subfield>
		<subfield code="t">NCIRC</subfield>
		<subfield code="u">30/4/2012</subfield>
		<subfield code="x">RAR</subfield>
		<subfield code="s">uaena_aco000110:1</subfield>
	</datafield>
</record>
